@misc{ece475,
  author = {Manuel},
  title = {ECE475 Lecture slides},
  year = {2025},
  pages = {3.5},
}
